@article{gote2020predicting,
title = {Predicting variable-length paths in networked systems using multi-order generative models},
volume = {8},
ISSN = {2364-8228},
url = {http://dx.doi.org/10.1007/s41109-023-00596-x},
DOI = {10.1007/s41109-023-00596-x},
number = {1},
journal = {Applied Network Science},
publisher = {Springer Science and Business Media LLC},
author = {Gote,  Christoph and Casiraghi,  Giona and Schweitzer,  Frank and Scholtes,  Ingo},
year = {2023},
month = sep 
}
