@article{Battiston2006,
    author = "Caldarelli, Guido and Battiston, Stefano and Garlaschelli, Diego and Takayasu, Hideki",
    publisher = "Springer-Verlag",
    doi = "10.1007/4-431-28915-1\_54",
    isbn = "4-431-28914-3",
    title = "The skeleton of the Shareholders Networks",
    url = "https://link.springer.com/chapter/10.1007\%2F4-431-28915-1\_54",
    booktitle = "Practical Fruits of Econophysics",
    address = "Tokyo",
    year = "2006",
    keywords = "Economics/Management Science",
    pages = "297-- 301"
}
