fschweitzer@Ruegen-X1.111937:1622825351