@InCollection{	  fs-98-jaso,
  author	= {Frank Schweitzer},
  year		= 1998,
  title		= {\"Okonomische Geographie: R\"aumliche Selbstorganisation
		  in der Standortverteilung},
  booktitle	= {Evolution und Selbstorganisation in der \"Okonomie /
		  Evolution and Self-Organization in Economics},
  series	= {Selbstorganisation. Jahrbuch f\"ur Komplexit\"at in den
		  Natur- Sozial- und Geisteswissenschaften},
  editor	= {Schweitzer, F. and Silverberg, G.},
  publisher	= {Duncker \& Humblot},
  address	= {Berlin},
  volume	= 9,
  pages		= {97--125},
  abstract={Unter dem Einfluß der Selbstorganisationstheorie hat auch die Diskussion um die ökonomische Geographie einen neuen Aufschwung erfahren. Offensichtlich wird die Entstehung und räumliche Verteilung ökonomischer Zentren, deren Wachstum oder Niedergang, stärker von einer raum-zeitlichen Eigendynamik bestimmt, als es in der bisherigen ökonomischen Standortlehre zum Ausdruck kommt.}
}
