@misc{riccaboni2021impact,
      title={The Impact of the COVID-19 Pandemic on Scientific Research in the Life Sciences}, 
      author={Massimo Riccaboni and Luca Verginer},
      year={2021},
      eprint={2102.00497},
      archivePrefix={arXiv},
      primaryClass={econ.GN}
}