@article{Verginer2025,
  title = {Irrational herding persists in human-bot interactions},
  volume = {15},
  ISSN = {2045-2322},
  url = {http://dx.doi.org/10.1038/s41598-025-05534-8},
  DOI = {10.1038/s41598-025-05534-8},
  number = {1},
  journal = {Scientific Reports},
  publisher = {Springer Science and Business Media LLC},
  author = {Verginer,  Luca and Vaccario,  Giacomo and Ronzani,  Piero},
  year = {2025},
  month = jul 
}