@Book{schweitzer-2022-ACS,
  author = 	 {Schweitzer, Frank},
  title = 	 {Agents, Networks, Evolution: A Quarter Century of Advances in Complex Systems},
  publisher = 	 {World Scientific},
  year = 	 2022,
  pages={612 pp.},
  ISBN={978-981-126-781-9},
  doi={10.1142/13184},
  url={https://www.worldscientific.com/worldscibooks/10.1142/13184#t=aboutBook},
  address = 	 {Singapore}}
