@incollection{roller2023modell,
	author      = {Roller, Ramona},
	title       = {Modell},
	editor      = {AG Digital Humanities Theorie des verbandes Digital Humanities im deutschsprachigen Raum e.V.},
	booktitle   = {Begriffe der Digital Humanities. Ein diskursives Glossar},
	publisher   = {Zeitschfrift für digitale Geisteswissenschaften / Working Papers, 2},
	address     = {Wolfenbüttel},
	year        = {2023},
	pages       = {},
	chapter     = {},
	isbn = {},
	doi = {10.17175/wp_2023_009}
}
