@inproceedings{Perony2012,
    author = "Perony, Nicolas and Richardson, Thomas R. and Manser, Marta B. and Schweitzer, Frank",
    publisher = "MIT Press",
    isbn = "9780262310505",
    title = {"Take me to your leader!": Inferring leadership in animal groups on the move},
    booktitle = "Proceedings of the Thirteenth International Conference on the Simulation and Synthesis of Living Systems (Artificial Life 13)",
    year = "2012",
    pages = "594-595"
}
