@article{Schweitzer2011,
    author = "Schweitzer, Frank",
    title = "Sind die Physiker schuld an der Finanzkrise?",
    journal = "Physik Journal",
    abstract = "Seit den 1990er - Jahren sind Physikerinnen und Physiker vermehrt in Banken, Versicherungen, im Fondsmanagement und in Unternehmensberatungen tätig – ein Trend, der weiterhin anhält und auch international zu beobachten ist. Sind sie qualifiziert für diese anspruchsvollen Aufgaben und kennen sie die Konsequenzen ihres Handelns? Oder werden ihre analytischen Fähigkeiten, ihr Talent zur Datenanalyse und zur Modellierung komplizierter Systeme überschätzt? Sind Physiker gar Schuld an der weltweiten Finanzkrise?",
    number = "4",
    mendeleytags = "FS-Public2005-2011,SG-Publication",
    volume = "10",
    url = "https://www.pro-physik.de/nachrichten/sind-die-physiker-schuld-der-finanzkrise",
    year = "2011",
    keywords = "FS-Public2005-2011,SG-Publication",
    pages = "3"
}
