@incollection{Schweitzer2018,
    author = "Schweitzer, Frank",
    publisher = "Springer",
    booktitle = "Handbuch zur Evolutorischen Ökonomik",
    year = "2018",
    title = "Physikalische Aspekte der Evolutorischen Ökonomik"
}
