@Book{		  fs-97-ed,
  editor	= {Schweitzer, Frank},
  title		= {Self-Organization of Complex Structures: From Individual
		  to Collective Dynamics. Part 1: Evolution of Complexity and
		  Evolutionary Optimization. Part 2: Biological and
		  Ecological Dynamcis, Socio-Economic Processes, Urban
		  Structure Formation and Traffic Dynamics},
  publisher	= {Gordon and Breach},
  year		= 1997,
  address	= {London},
  annote={Foreword by Herrmann Haken},
    }
  