@article{Schweitzer2007,
    author = "Schweitzer, Frank and Geipel, Markus Michael",
    title = "Review of Biology, Sociology, Geology by Computational Physicists (Monograph Series on Nonlinear Science and Complexity)",
    url = "http://jasss.soc.surrey.ac.uk/10/1/reviews/schweitzer.html",
    journal = "JASSS-The Journal of artificial societes and social simulation",
    number = "1",
    volume = "10",
    year = "2007"
}
