@Article{Salamanca-Brandenberger-ea-2024-processinglarge,
	file = {/home/scfrank/polybox/LITERATURE/EGO/Salamanca-Brandenberger-ea-2024-processinglarge.pdf},
	timestamp = {2024-08-23T11:37:18},
	author = {Salamanca, Luis and Brandenberger, Laurence and Gasser, Lilian and
                  Schlosser, Sophia and Balode, Marta and Jung, Vincent and Perez‐Cruz,
                  Fernando and Schweitzer, Frank},
	title = {Processing <scp>Large‐Scale</scp> Archival Records: The Case of the
                  Swiss Parliamentary Records},
	journal = {Swiss Political Science Review},
	year = 2024,
	volume = 30,
	number = 2,
	month = mar,
	pages = {140–153},
	issn = {1662-6370},
	doi = {10.1111/spsr.12590},
	url = {http://dx.doi.org/10.1111/spsr.12590},
	publisher = {Wiley}
}

