@article{Galbiati2013,
    author = "Galbiati, Marco and Delpini, Danilo and Battiston, Stefano",
    publisher = "Nature Publishing Group",
    doi = "10.1038/nphys2581",
    title = "The power to control",
    journal = "Nature Physics",
    abstract = "Understanding something of the complexity of a financial network is one thing, influencing the behaviour of that system is another. But new tools from network science define a notion of 'controllability' that, coupled with 'centrality', could prove useful to economists and financial regulators.",
    number = "3",
    volume = "9",
    url = "http://www.nature.com/nphys/journal/v9/n3/full/nphys2581.html",
    year = "2013",
    pages = "126-- 128"
}
