@Book{		  eb-freund-fs-98,
  title		= {{Komplexe Strukturen: Entropie und Information}},
  publisher	= {B. G. Teubner},
  year		= {1998},
  author	= {Ebeling, Werner and Freund, Jan and Schweitzer, Frank},
  pages		= {265},
  address	= {Stuttgart, Leipzig},
  abstract	= {Die Erforschung komplexer Strukturen ist gegenw\"{a}rtig
		  eines der interessantesten wissenschaftlichen Themen.
		  Dieses Buch behandelt M\"{o}glichkeiten der Beschreibung
		  und quantitativen Charakterisierung komplexer Strukturen
		  mit Hilfe verschiedener Entropie- und Informationsma\ss e.
		  Nach einer allgemeinverst\"{a}ndlichen Einf\"{u}hrung der
		  Grundbegriffe werden die f\"{u}r eine quantitative Analyse
		  erforderlichen Konzepte ausf\"{u}hrlich behandelt und an
		  zahlreichen Beispielen, wie Zeitreihen, Biosequenzen,
		  literarischen Texten und Musikst\"{u}cken, veranschaulicht.},
  isbn		= {978-3815430323},
}
