
@Book{		  fs-silverberg-98-ed,
  editor	= {Schweitzer, Frank and Silverberg, Gerald},
  title		= {Evolution und Selbstorganisation in der \"Okonomie /
		  Evolution and Self-Organization in Economics},
  publisher	= {Duncker \& Humblot},
  year		= 1998,
  volume	= 9,
  series	= {Selbstorganisation. Jahrbuch f\"ur Komplexit\"at in den
		  Natur- Sozial- und Geisteswissenschaften},
  address	= {Berlin}
}
