
@Book{		  niedersen-fs-93-ed,
  editor	= {Niedersen, Uwe and Schweitzer, Frank and Silverberg, Gerald},
  title		= {\"Asthetik und Selbstorganisation},
  publisher	= {Duncker \& Humblot},
  year		= 1993,
  volume	= 4,
  series	= {Selbstorganisation. Jahrbuch f\"ur Komplexit\"at in den
		  Natur- Sozial- und Geisteswissenschaften},
  address	= {Berlin}
}
