@article{andres2022_extractingSignedRel,
title = {Reconstructing signed relations from interaction data},
volume = {13},
ISSN = {2045-2322},
url = {http://dx.doi.org/10.1038/s41598-023-47822-1},
DOI = {10.1038/s41598-023-47822-1},
number = {1},
journal = {Scientific Reports},
publisher = {Springer Science and Business Media LLC},
author = {Andres,  Georges and Casiraghi,  Giona and Vaccario,  Giacomo and Schweitzer,  Frank},
year = {2023},
month = nov 
}