@article{Schweitzer2010,
    author = "Schweitzer, Frank",
    doi = "10.1002/piuz.201090074",
    title = "Editorial: Sozio - und Ökonophysik sind etablierte Forschungsfelder",
    journal = "Physik in unserer Zeit",
    abstract = "Das Ganze ist mehr als die Summe seiner Teile“, lehrte schon Aristoteles. Wenn sich die „Teile“ zusammenschließen und miteinander in Wechselwirkung treten, entsteht also etwas Neues für das Gesamtsystem. Dieses lässt sich nicht auf den Beitrag der einzelnen Teile reduzieren. Die Wissenschaftstheorie bezeichnet diesen Vorgang als Emergenz. Damit wird zumeist ein Mehrwert für das Ganze generiert: Die Leitfähigkeit von Metallen entsteht, sofern eine kritische Mindestanzahl von Atomen beteiligt ist – ein typisches Beispiel aus der Physik. In biologischen Systemen schließen sich Zellen zu Organismen mit neuer Funktionalität zusammen, in der Volkswirtschaft generieren Produktion und Warenaustausch einer Vielzahl von Akteuren einen Mehrwert im ökonomischen Sinne, der die Grundlage des Wachstums bildet.",
    number = "41",
    mendeleytags = "FS-Public2005-2011,SG-Publication",
    volume = "6",
    url = "http://doi.wiley.com/10.1002/piuz.201090074",
    year = "2010",
    keywords = "FS-Public2005-2011,SG-Publication",
    pages = "3"
}
