@article{Chessa2013,
    author = "Caldarelli, Guido and Chessa, Alessandro and Pammolli, Fabio and Gabrielli, Andrea and Puliga, Michelangelo",
    publisher = "Nature Publishing Group",
    doi = "10.1038/nphys2580",
    title = "Reconstructing a credit network",
    journal = "Nature Physics",
    abstract = "The science of complex networks can be usefully applied in finance, although there is limited data available with which to develop our understanding. All is not lost, however: ideas from statistical physics make it possible to reconstruct details of a financial network from partial sets of information.",
    number = "3",
    volume = "9",
    url = "http://www.nature.com/nphys/journal/v9/n3/full/nphys2580.html",
    year = "2013",
    pages = "125-- 126"
}
