@article{Zenou2010,
    author = "Konig, Michael D and Tessone, Claudio Juan and Zenou, Yves",
    doi = "10.1142/S0219525910002700",
    title = "From assortative to dissortative networks: The role of capacity constraints",
    journal = "Advances in Complex Systems (ACS)",
    abstract = "We consider a dynamic model of network formation where agents form and sever links based on the centrality of their potential partners.We show that the existence of capacity constrains in the amount of links an agent can maintain introduces a transition from dissortative to assortative networks. This effect can shed light on the distinction between technological and social networks as it gives a simple mechanism explaining how and why this transition occurs.",
    issn = "0219-5259",
    number = "4",
    volume = "13",
    url = "http://www.worldscinet.com/acs/13/1304/S0219525910002700.html",
    year = "2010",
    pages = "483"
}
