@article{vaccario2024quest,
  title={The quest for an unbiased scientific impact indicator remains open},
  author={Vaccario, Giacomo and Xu, Shuqi and Mariani, Manuel S and Medo, Mat{\'u}{\v{s}}},
  journal={Proceedings of the National Academy of Sciences},
  volume={121},
  number={41},
  pages={e2410021121},
  year={2024},
  publisher={National Academy of Sciences}
}
