@article{May2013,
    author = "Battiston, Stefano and Caldarelli, Guido and Georg, Co - Pierre and May, Robert and Stiglitz, Joseph",
    publisher = "Nature Publishing Group",
    doi = "10.1038/nphys2575",
    title = "Complex derivatives",
    journal = "Nature Physics",
    abstract = "The intrinsic complexity of the financial derivatives market has emerged as both an incentive to engage in it, and a key source of its inherent instability. Regulators now faced with the challenge of taming this beast may find inspiration in the budding science of complex systems.",
    number = "3",
    volume = "9",
    url = "http://www.nature.com/nphys/journal/v9/n3/full/nphys2575.html",
    year = "2013",
    pages = "123-- 125"
}
