@article{Schweitzer2014,
    author = "Schweitzer, Frank",
    doi = "doi:10.1140/epjds/s13688-014-0035-8",
    title = "Editorial: Scientific networks and success in science",
    url = "http://www.epjdatascience.com/content/3/1/35",
    journal = "EPJ Data Science",
    number = "35",
    month = "December",
    volume = "3",
    year = "2014"
}
